@inproceedings{silva2004experimental,
  title={Experimental comparison of greedy randomized adaptive search procedures for the maximum diversity problem},
  author={Silva, Geiza C and Ochi, Luiz S and Martins, Simone L},
  booktitle={International Workshop on Experimental and Efficient Algorithms},
  pages={498--512},
  year={2004},
  organization={Springer}
}
